% Transformers
@article{vaswani2017attention,
  title={Attention is all you need},
  author={Vaswani, Ashish and Shazeer, Noam and Parmar, Niki and Uszkoreit, Jakob and Jones, Llion and Gomez, Aidan N and Kaiser, {\L}ukasz and Polosukhin, Illia},
  journal={Advances in neural information processing systems},
  volume={30},
  year={2017}
}
@misc{gao2025sparseidentificationnonlineardynamics,
      title={Sparse identification of nonlinear dynamics and Koopman operators with Shallow Recurrent Decoder Networks}, 
      author={Mars Liyao Gao and Jan P. Williams and J. Nathan Kutz},
      year={2025},
      eprint={2501.13329},
      archivePrefix={arXiv},
      primaryClass={cs.LG},
      url={https://arxiv.org/abs/2501.13329}, 
}
@misc{williams2024sensingshallowrecurrentdecoder,
      title={Sensing with shallow recurrent decoder networks}, 
      author={Jan P. Williams and Olivia Zahn and J. Nathan Kutz},
      year={2024},
      eprint={2301.12011},
      archivePrefix={arXiv},
      primaryClass={math.DS},
      url={https://arxiv.org/abs/2301.12011}, 
}
% SST Data
@article{reynolds2002improved,
  title={An improved in situ and satellite SST analysis for climate},
  author={Reynolds, Richard W and Rayner, Nick A and Smith, Thomas M and Stokes, Diane C and Wang, Wanqiu},
  journal={Journal of climate},
  volume={15},
  number={13},
  pages={1609--1625},
  year={2002}
}

% Diffusion Transformer Scaling Law
@article{liang2024scaling,
  title={Scaling laws for diffusion transformers},
  author={Liang, Zhengyang and He, Hao and Yang, Ceyuan and Dai, Bo},
  journal={arXiv preprint arXiv:2410.08184},
  year={2024}
}

% LLM Scaling Law
@article{kaplan2020scaling,
  title={Scaling laws for neural language models},
  author={Kaplan, Jared and McCandlish, Sam and Henighan, Tom and Brown, Tom B and Chess, Benjamin and Child, Rewon and Gray, Scott and Radford, Alec and Wu, Jeffrey and Amodei, Dario},
  journal={arXiv preprint arXiv:2001.08361},
  year={2020}
}

% ViT Scaling Law
@InProceedings{Zhai_2022_CVPR,
    author    = {Zhai, Xiaohua and Kolesnikov, Alexander and Houlsby, Neil and Beyer, Lucas},
    title     = {Scaling Vision Transformers},
    booktitle = {Proceedings of the IEEE/CVF Conference on Computer Vision and Pattern Recognition (CVPR)},
    month     = {June},
    year      = {2022},
    pages     = {12104-12113}
}

% Low Rank Approximation
@article{Eckart_Young_1936, title={The Approximation of One Matrix by Another of Lower Rank}, volume={1}, DOI={10.1007/BF02288367}, number={3}, journal={Psychometrika}, author={Eckart, Carl and Young, Gale}, year={1936}, pages={211–218}} <div></div>

% The Well
@misc{ohana2025welllargescalecollectiondiverse,
      title={The Well: a Large-Scale Collection of Diverse Physics Simulations for Machine Learning}, 
      author={Ruben Ohana and Michael McCabe and Lucas Meyer and Rudy Morel and Fruzsina J. Agocs and Miguel Beneitez and Marsha Berger and Blakesley Burkhart and Keaton Burns and Stuart B. Dalziel and Drummond B. Fielding and Daniel Fortunato and Jared A. Goldberg and Keiya Hirashima and Yan-Fei Jiang and Rich R. Kerswell and Suryanarayana Maddu and Jonah Miller and Payel Mukhopadhyay and Stefan S. Nixon and Jeff Shen and Romain Watteaux and Bruno Régaldo-Saint Blancard and François Rozet and Liam H. Parker and Miles Cranmer and Shirley Ho},
      year={2025},
      eprint={2412.00568},
      archivePrefix={arXiv},
      primaryClass={cs.LG},
      url={https://arxiv.org/abs/2412.00568}, 
}

% Matteo SHRED ROM
@misc{tomasetto2025reducedordermodelingshallow,
      title={Reduced Order Modeling with Shallow Recurrent Decoder Networks}, 
      author={Matteo Tomasetto and Jan P. Williams and Francesco Braghin and Andrea Manzoni and J. Nathan Kutz},
      year={2025},
      eprint={2502.10930},
      archivePrefix={arXiv},
      primaryClass={cs.LG},
      url={https://arxiv.org/abs/2502.10930}, 
}

@misc{turner2024introductiontransformers,
      title={An Introduction to Transformers}, 
      author={Richard E. Turner},
      year={2024},
      eprint={2304.10557},
      archivePrefix={arXiv},
      primaryClass={cs.LG},
      url={https://arxiv.org/abs/2304.10557}, 
}

@misc{islam2023comprehensivesurveyapplicationstransformers,
      title={A Comprehensive Survey on Applications of Transformers for Deep Learning Tasks}, 
      author={Saidul Islam and Hanae Elmekki and Ahmed Elsebai and Jamal Bentahar and Najat Drawel and Gaith Rjoub and Witold Pedrycz},
      year={2023},
      eprint={2306.07303},
      archivePrefix={arXiv},
      primaryClass={cs.LG},
      url={https://arxiv.org/abs/2306.07303}, 
}

@misc{peng2024limitationstransformerarchitecture,
      title={On Limitations of the Transformer Architecture}, 
      author={Binghui Peng and Srini Narayanan and Christos Papadimitriou},
      year={2024},
      eprint={2402.08164},
      archivePrefix={arXiv},
      primaryClass={stat.ML},
      url={https://arxiv.org/abs/2402.08164}, 
}


@article{article,
author = {Mienye, Domor and Swart, Theo and Obaido, George},
year = {2024},
month = {08},
pages = {517},
title = {Recurrent Neural Networks: A Comprehensive Review of Architectures, Variants, and Applications},
volume = {15},
journal = {Information},
doi = {10.3390/info15090517}
}

% SHRED original paper
@article{williams2024sensing,
  title={Sensing with shallow recurrent decoder networks},
  author={Williams, Jan P and Zahn, Olivia and Kutz, J Nathan},
  journal={Proceedings of the Royal Society A},
  volume={480},
  number={2298},
  pages={20240054},
  year={2024},
  publisher={The Royal Society}
}

% DMD Book
@book{dmd_book,
author = {Kutz, J. Nathan and Brunton, Steven L. and Brunton, Bingni W. and Proctor, Joshua L.},
title = {Dynamic Mode Decomposition: Data-Driven Modeling of Complex Systems},
publisher = {Society for Industrial and Applied Mathematics},
year = {2016},
doi = {10.1137/1.9781611974508},
address = {Philadelphia, PA},
URL = {https://epubs.siam.org/doi/abs/10.1137/1.9781611974508},
eprint = {https://epubs.siam.org/doi/pdf/10.1137/1.9781611974508},
note = {\href{https://doi.org/10.1137/1.9781611974508}{https://doi.org/10.1137/1.9781611974508}}
}

% Data Book
@book{data_book,
author = {Brunton, Steven L. and Kutz, J. Nathan},
title = {Data-Driven Science and Engineering: Machine Learning, Dynamical Systems, and Control},
publisher = {Cambridge University Press},
year = {2022},
doi = {10.1017/9781009089517},
URL = {https://doi.org/10.1017/9781009089517},
note = {\href{https://doi.org/10.1017/9781009089517}{https://doi.org/10.1017/9781009089517}}
}

% Original DMD 1
@InProceedings{schmid_2008,
author = {Peter J. Schmid and Joern Sesterhenn},
title = {Dynamic Mode Decomposition of Numerical and Experimental Data},
booktitle = {61st Annual Meeting of the APS Division of Fluid Dynamics},
organization = {American Physical Society},
year = {2008},
note = {\href{http://meetings.aps.org/link/BAPS.2008.DFD.MR.7}{http://meetings.aps.org/link/BAPS.2008.DFD.MR.7}}
}

% Original DMD 2
@article{schmid_2010,
author = {Peter J. Schmid},
title = {Dynamic mode decomposition of numerical and experimental data},
volume = {656},
pages = {5-28},
journal = {Journal of Fluid Mechanics}, 
publisher = {Cambridge University Press}, 
year = {2010},
doi = {10.1017/S0022112010001217},
url = {https://doi.org/10.1017/S0022112010001217},
note = {\href{https://doi.org/10.1017/S0022112010001217}{https://doi.org/10.1017/S0022112010001217}}
}

% Original DMD 3
@inproceedings{schmid_2009,
TITLE = {Dynamic mode decomposition of experimental data},
AUTHOR = {Schmid, Peter J.},
URL = {https://polytechnique.hal.science/hal-01053394},
BOOKTITLE = {{8th International Symposium on Particle Image Velocimetry (PIV09)}},
ADDRESS = {Melbourne, Australia},
YEAR = {2009},
HAL_ID = {hal-01053394},
HAL_VERSION = {v1},
note = {\href{https://polytechnique.hal.science/hal-01053394}{https://polytechnique.hal.science/hal-01053394}}
}

% DMD APPLICATIONS:
% Epidemiology
@article{proctor_2015,
title = {Discovering dynamic patterns from infectious disease data using dynamic mode decomposition},
author = {Proctor, Joshua L. and Eckhoff, Philip A.},
journal = {International Health},
volume = {7},
number = {2},
pages = {139-145},
year = {2015},
doi = {10.1093/inthealth/ihv009},
URL = {https://doi.org/10.1093/inthealth/ihv009},
eprint = {https://doi.org/10.1093/inthealth/ihv009},
note = {\href{https://doi.org/10.1093/inthealth/ihv009}{https://doi.org/10.1093/inthealth/ihv009}}
}

% Neuroscience 1
@article{brunton_2016,
title = {Extracting spatial–temporal coherent patterns in large-scale neural recordings using dynamic mode decomposition},
author = {Bingni W. Brunton and Lise A. Johnson and Jeffrey G. Ojemann and J. Nathan Kutz},
journal = {Journal of Neuroscience Methods},
volume = {258},
pages = {1-15},
year = {2016},
doi = {10.1016/j.jneumeth.2015.10.010},
URL = {https://doi.org/10.1016/j.jneumeth.2015.10.010},
eprint = {https://doi.org/10.1016/j.jneumeth.2015.10.010},
note = {\href{https://doi.org/10.1016/j.jneumeth.2015.10.010}{https://doi.org/10.1016/j.jneumeth.2015.10.010}}
}

% Neuroscience 2
@article{alfatlawi_2020,
title = {An incremental approach to online dynamic mode decomposition for time-varying systems with applications to {EEG} data modeling},
author = {Mustaffa Alfatlawi and Vaibhav Srivastava},
journal = {Journal of Computational Dynamics},
volume = {7},
number = {2},
pages = {209-241},
year = {2020},
doi = {10.3934/jcd.2020009},
URL = {https://doi.org/10.3934/jcd.2020009},
eprint = {https://doi.org/10.3934/jcd.2020009},
note = {\href{https://doi.org/10.3934/jcd.2020009}{https://doi.org/10.3934/jcd.2020009}}
}

% Video Processing 1
@misc{grosek_2014,
title={Dynamic Mode Decomposition for Real-Time Background/Foreground Separation in Video}, 
author={Jacob Grosek and J. Nathan Kutz},
year={2014},
eprint={1404.7592},
archivePrefix={arXiv},
primaryClass={cs.CV},
note={Preprint, \href{https://arxiv.org/abs/1404.7592}{https://arxiv.org/abs/1404.7592}},
}

% Finance
@article{mann_2016,
author = {Jordan Mann and J. Nathan Kutz},
title = {Dynamic mode decomposition for financial trading strategies},
journal = {Quantitative Finance},
volume = {16},
pages = {1643-1655},
year  = {2016},
publisher = {Routledge},
doi = {10.1080/14697688.2016.1170194},
URL = {https://doi.org/10.1080/14697688.2016.1170194},
note = {\href{https://doi.org/10.1080/14697688.2016.1170194}{https://doi.org/10.1080/14697688.2016.1170194}}
}

% Plasma Physics 1
@article{taylor_2018,
title = {Dynamic mode decomposition for plasma diagnostics and validation},
author = {Roy Taylor and J. Nathan Kutz and Kyle Morgan and Brian A. Nelson},
journal = {Review of Scientific Instruments},
volume = {89},
number = {5},
year = {2018},
pages = {053501},
doi = {10.1063/1.5027419},
URL = {https://doi.org/10.1063/1.5027419},
eprint = {https://doi.org/10.1063/1.5027419},
note = {\href{https://doi.org/10.1063/1.5027419}{https://doi.org/10.1063/1.5027419}}
}

% Plasma Physics 2
@article{kaptanoglu_2020,
title = {Characterizing magnetized plasmas with dynamic mode decomposition},
author = {A. A. Kaptanoglu and K. D. Morgan and C. J. Hansen and S. L. Brunton},
journal = {Physics of Plasmas},
volume = {27},
year = {2020},
pages = {032108},
doi = {10.1063/1.5138932},
URL = {https://doi.org/10.1063/1.5138932},
eprint = {https://doi.org/10.1063/1.5138932},
note = {\href{https://doi.org/10.1063/1.5138932}{https://doi.org/10.1063/1.5138932}}
}

% Robotics 1
@article{berger_2015,
author = {Erik Berger and Mark Sastuba and David Vogt and Bernhard Jung and Heni Ben Amor},
title = {Estimation of perturbations in robotic behavior using dynamic mode decomposition},
journal = {Advanced Robotics},
volume = {29},
pages = {331-343},
year  = {2015},
publisher = {Taylor & Francis},
doi = {10.1080/01691864.2014.981292},
URL = {https://doi.org/10.1080/01691864.2014.981292},
note = {\href{https://doi.org/10.1080/01691864.2014.981292}{https://doi.org/10.1080/01691864.2014.981292}}
}

% Robotics 2
@article{abraham_2019,
author={Abraham, Ian and Murphey, Todd D.},
journal={IEEE Transactions on Robotics}, 
title={Active Learning of Dynamics for Data-Driven Control Using {K}oopman Operators}, 
year={2019},
volume={35},
number={5},
pages={1071-1083},
doi={10.1109/TRO.2019.2923880},
note={\href{https://doi.org/10.1109/TRO.2019.2923880}{https://doi.org/10.1109/TRO.2019.2923880}}
}

% Robotics 3
@inproceedings{bruder_2019,
author = {Daniel Bruder and Brent Gillespie and C. David Remy and Ram Vasudevan},
title = {Modeling and Control of Soft Robots Using the {K}oopman Operator and Model Predictive Control},
booktitle = {Robotics: Science and Systems XV},
year = {2019},
note = {\href{https://doi.org/10.15607/RSS.2019.XV.060}{https://doi.org/10.15607/RSS.2019.XV.060}}
}

% Power Grid 1
@INPROCEEDINGS{sinha_2020,
author={Sinha, Subhrajit and Nandanoori, Sai Pushpak and Yeung, Enoch},
booktitle={2020 IEEE Power \& Energy Society General Meeting (PESGM)}, 
title={Data Driven Online Learning of Power System Dynamics}, 
year={2020},
pages={1-5},
doi={10.1109/PESGM41954.2020.9281781},
note={\href{https://doi.org/10.1109/PESGM41954.2020.9281781}{https://doi.org/10.1109/PESGM41954.2020.9281781}}
}

% Power Grid 2
@ARTICLE{susuki_1,
author={Susuki, Yoshihiko and Mezi\'{c}, Igor},
journal={IEEE Transactions on Power Systems}, 
title={Nonlinear {K}oopman Modes and Coherency Identification of Coupled Swing Dynamics}, 
year={2011},
volume={26},
number={4},
pages={1894-1904},
doi={10.1109/TPWRS.2010.2103369},
note={\href{https://doi.org/10.1109/TPWRS.2010.2103369}{https://doi.org/10.1109/TPWRS.2010.2103369}}
}

% Power Grid 3
@ARTICLE{susuki_2,
author={Susuki, Yoshihiko and Mezi\'{c}, Igor and Hikihara, Takashi},
journal={Journal of Nonlinear Science}, 
title={Coherent Swing Instability of Power Grids}, 
year={2011},
volume={21},
pages={403-439},
doi={10.1007/s00332-010-9087-5},
note={\href{https://doi.org/10.1007/s00332-010-9087-5}{https://doi.org/10.1007/s00332-010-9087-5}}
}

% Connection to Koopman 1
@article{rowley_2009,
author = {Clarence W. Rowley and Igor Mezi\'{c} and Shervin Bagheri and Philipp Schlatter and Dan S. Henningson},
title = {Spectral Analysis of Nonlinear Flows},
volume = {641},
journal = {Journal of Fluid Mechanics},
publisher = {Cambridge University Press},
year = {2009},
pages = {115-127},
doi = {10.1017/S0022112009992059},
note = {\href{https://doi.org/10.1017/S0022112009992059}{https://doi.org/10.1017/S0022112009992059}}
}

% Connection to Koopman 2
@article{tu_2014,
author = {Jonathan H. Tu and Clarence W. Rowley and Dirk M. Luchtenburg and Steven L. Brunton and J. N. Kutz},
title = {On Dynamic Mode Decomposition: Theory and Applications},
year = {2014},
pages = {391-421},
volume = {1},
journal = {Journal of Computational Dynamics},
doi = {10.3934/jcd.2014.1.391},
note = {\href{https://doi.org/10.3934/jcd.2014.1.391}{https://doi.org/10.3934/jcd.2014.1.391}}
}

% Modern Koopman
@article{modern_koopman,
author = {Brunton, Steven L. and Budi\v{s}i\'{c}, Marko and Kaiser, Eurika and Kutz, J. Nathan},
title = {Modern {K}oopman Theory for Dynamical Systems},
journal = {SIAM Review},
volume = {64},
number = {2},
pages = {229-340},
year = {2022},
doi = {10.1137/21M1401243},
URL = {https://doi.org/10.1137/21M1401243},
eprint = {https://doi.org/10.1137/21M1401243},
note = {\href{https://doi.org/10.1137/21M1401243}{https://doi.org/10.1137/21M1401243}}
}

% PyDMD
@article{pydmd,
author = {Nicola Demo and Marco Tezzele and Gianluigi Rozza},
title = {{P}y{DMD}: {P}ython Dynamic Mode Decomposition},
journal = {Journal of Open Source Software},
year = {2018},
publisher = {The Open Journal},
volume = {3},
number = {22},
pages = {530},
doi = {10.21105/joss.00530},
url = {https://doi.org/10.21105/joss.00530},
note = {\href{https://doi.org/10.21105/joss.00530}{https://doi.org/10.21105/joss.00530}}
}

% OLD PYDMD METHODS:
% DMD with control
@article{dmdc,
author = {Proctor, Joshua L. and Brunton, Steven L. and Kutz, J. Nathan},
title = {Dynamic Mode Decomposition with Control},
journal = {SIAM Journal on Applied Dynamical Systems},
volume = {15},
number = {1},
pages = {142-161},
year = {2016},
doi = {10.1137/15M1013857},
URL = {https://doi.org/10.1137/15M1013857},
eprint = {https://doi.org/10.1137/15M1013857},
note = {\href{https://doi.org/10.1137/15M1013857}{https://doi.org/10.1137/15M1013857}}
}

% Multiresolution DMD
@article{mrdmd,
author = {Kutz, J. Nathan and Fu, Xing and Brunton, Steven L.},
title = {Multiresolution Dynamic Mode Decomposition},
journal = {SIAM Journal on Applied Dynamical Systems},
volume = {15},
number = {2},
pages = {713-735},
year = {2016},
doi = {10.1137/15M1023543},
URL = {https://doi.org/10.1137/15M1023543},
eprint = {https://doi.org/10.1137/15M1023543},
note = {\href{https://doi.org/10.1137/15M1023543}{https://doi.org/10.1137/15M1023543}}
}

% Sparsity-promoting DMD
@article{spdmd,
title = {Sparsity-promoting dynamic mode decomposition},
author = {Jovanovi\'{c}, Mihailo R. and Schmid, Peter J. and Nichols, Joseph W.},
journal = {Physics of Fluids},
volume = {26},
number = {2},
year = {2014},
pages = {024103},
doi = {10.1063/1.4863670},
URL = {https://doi.org/10.1063/1.4863670},
eprint = {https://doi.org/10.1063/1.4863670},
publisher = {American Institute of Physics},
note = {\href{https://doi.org/10.1063/1.4863670}{https://doi.org/10.1063/1.4863670}}
}

% Compressed DMD
@article{cdmd,
author = {Erichson, N. B. and Brunton, S. L. and Kutz, J. N.},
title = {Compressed dynamic mode decomposition for background modeling},
journal = {Journal of Real-Time Image Processing},
volume = {16},
pages = {1479-1492},
year = {2019},
doi = {10.1007/s11554-016-0655-2},
note = {\href{https://doi.org/10.1007/s11554-016-0655-2}{https://doi.org/10.1007/s11554-016-0655-2}}
}

% Hankel DMD
@article{hankeldmd,
author = {Arbabi, Hassan and Mezi\'{c}, Igor},
title = {Ergodic Theory, Dynamic Mode Decomposition, and Computation of Spectral Properties of the {K}oopman Operator},
journal = {SIAM Journal on Applied Dynamical Systems},
volume = {16},
number = {4},
pages = {2096-2126},
year = {2017},
doi = {10.1137/17M1125236},
URL = {https://doi.org/10.1137/17M1125236},
eprint = {https://doi.org/10.1137/17M1125236},
note = {\href{https://doi.org/10.1137/17M1125236}{https://doi.org/10.1137/17M1125236}}
}

% Higher Order DMD
@article{hodmd,
author = {Le Clainche, Soledad and Vega, Jos\'{e} M.},
title = {Higher Order Dynamic Mode Decomposition},
journal = {SIAM Journal on Applied Dynamical Systems},
volume = {16},
number = {2},
pages = {882-925},
year = {2017},
doi = {10.1137/15M1054924},
URL = {https://doi.org/10.1137/15M1054924},
eprint = {https://doi.org/10.1137/15M1054924},
note = {\href{https://doi.org/10.1137/15M1054924}{https://doi.org/10.1137/15M1054924}}
}

% Forward-backward DMD
@article{fbdmd,
author = {Dawson, Scott T. and Hemati, Maziar S. and Williams, Matthew O. and Rowley, Clarence W.},
year = {2016},
number = {42},
title = {Characterizing and correcting for the effect of sensor noise in the dynamic mode decomposition},
volume = {57},
pages = {1-19},
journal = {Experiments in Fluids},
doi = {10.1007/s00348-016-2127-7},
note = {\href{https://doi.org/10.1007/s00348-016-2127-7}{https://doi.org/10.1007/s00348-016-2127-7}}
}

% Total least-squares DMD
@article{tdmd,
title = {{De-biasing the dynamic mode decomposition for applied {K}oopman spectral analysis of noisy datasets}},
author = {Hemati, Maziar S. and Rowley, Clarence W. and Deem, Eric A. and Cattafesta, Louis N.},
journal = {Theoretical and Computational Fluid Dynamics},
volume = {31},
pages = {349-368},
year = {2017},
doi = {10.1007/s00162-017-0432-2},
note = {\href{https://doi.org/10.1007/s00162-017-0432-2}{https://doi.org/10.1007/s00162-017-0432-2}}
}

% Optimal closed form DMD
@article{not_optdmd,
title = {Low-Rank Dynamic Mode Decomposition: An Exact and Tractable Solution},
author = {Patrick H\'{e}as and C\'{e}dric Herzet},
journal = {Journal of Nonlinear Science},
volume = {32},
number = {8},
year = {2022},
pages = {8},
doi = {10.1007/s00332-021-09770-w},
URL = {https://doi.org/10.1007/s00332-021-09770-w},
eprint = {https://doi.org/10.1007/s00332-021-09770-w},
note = {\href{https://doi.org/10.1007/s00332-021-09770-w}{https://doi.org/10.1007/s00332-021-09770-w}}
}

% Subspace DMD
@article{subspacedmd,
title = {Subspace dynamic mode decomposition for stochastic {K}oopman analysis},
author = {Takeishi, Naoya and Kawahara, Yoshinobu and Yairi, Takehisa},
journal = {Physical Review E},
volume = {96},
number = {3},
year = {2017},
pages = {033310},
doi = {10.1103/PhysRevE.96.033310},
URL = {https://doi.org/10.1103/PhysRevE.96.033310},
eprint = {https://doi.org/10.1103/PhysRevE.96.033310},
note = {\href{https://doi.org/10.1103/PhysRevE.96.033310}{https://doi.org/10.1103/PhysRevE.96.033310}}
}

% NEW PYDMD METHODS:
% Optimized DMD
@article{optdmd,
author = {Askham, Travis and Kutz, J. Nathan},
title = {Variable Projection Methods for an Optimized Dynamic Mode Decomposition},
journal = {SIAM Journal on Applied Dynamical Systems},
volume = {17},
number = {1},
pages = {380-416},
year = {2018},
doi = {10.1137/M1124176},
URL = {https://doi.org/10.1137/M1124176},
eprint = {https://doi.org/10.1137/M1124176},
note = {\href{https://doi.org/10.1137/M1124176}{https://doi.org/10.1137/M1124176}}
}

% BOP-DMD
@article{bopdmd,
title = {Bagging, optimized dynamic mode decomposition for robust, stable forecasting with spatial and temporal uncertainty quantification},
author = {Sashidhar, Diya and Kutz, J. Nathan},
journal = {Proceedings of the Royal Society A},
volume = {380},
number = {2229},
year = {2022},
pages = {20210199},
doi = {10.1098/rsta.2021.0199},
URL = {https://doi.org/10.1098/rsta.2021.0199},
eprint = {https://doi.org/10.1098/rsta.2021.0199},
note = {\href{https://doi.org/10.1098/rsta.2021.0199}{https://doi.org/10.1098/rsta.2021.0199}}
}

% Sliding window DMD
@article{sliding_dmd,
title = {Dynamic mode decomposition for multiscale nonlinear physics},
author = {Daniel Dylewsky and Molei Tao and J. Nathan Kutz},
journal = {Physical Review E},
volume = {99},
number = {6},
year = {2019},
pages = {063311},
doi = {10.1103/PhysRevE.99.063311},
URL = {https://doi.org/10.1103/PhysRevE.99.063311},
eprint = {https://doi.org/10.1103/PhysRevE.99.063311},
note = {\href{https://doi.org/10.1103/PhysRevE.99.063311}{https://doi.org/10.1103/PhysRevE.99.063311}}
}

% Parametric DMD
@article{paradmd,
author = {Andreuzzi, Francesco and Demo, Nicola and Rozza, Gianluigi},
title = {A Dynamic Mode Decomposition Extension for the Forecasting of Parametric Dynamical Systems},
journal = {SIAM Journal on Applied Dynamical Systems},
volume = {22},
number = {3},
pages = {2432-2458},
year = {2023},
doi = {10.1137/22M1481658},
URL = {https://doi.org/10.1137/22M1481658},
eprint = {https://doi.org/10.1137/22M1481658},
note = {\href{https://doi.org/10.1137/22M1481658}{https://doi.org/10.1137/22M1481658}}
}

% Parametric DMD 2
@article{paradmd_2,
title = {A data-driven surrogate modeling approach for time-dependent incompressible {N}avier-{S}tokes equations with dynamic mode decomposition and manifold interpolation},
author = {Martin W. Hess and Annalisa Quaini and Gianluigi Rozza},
journal = {Advances in Computational Mathematics},
volume = {49},
number = {22},
year = {2023},
pages = {22},
doi = {10.1007/s10444-023-10016-4},
URL = {https://doi.org/10.1007/s10444-023-10016-4},
eprint = {https://doi.org/10.1007/s10444-023-10016-4},
note = {\href{https://doi.org/10.1007/s10444-023-10016-4}{https://doi.org/10.1007/s10444-023-10016-4}}
}

% Randomized DMD
@article{rdmd,
author = {Erichson, N. Benjamin and Mathelin, Lionel and Kutz, J. Nathan and Brunton, Steven L.},
title = {Randomized Dynamic Mode Decomposition},
journal = {SIAM Journal on Applied Dynamical Systems},
volume = {18},
number = {4},
pages = {1867-1891},
year = {2019},
doi = {10.1137/18M1215013},
URL = {https://doi.org/10.1137/18M1215013},
eprint = {https://doi.org/10.1137/18M1215013},
note = {\href{https://doi.org/10.1137/18M1215013}{https://doi.org/10.1137/18M1215013}}
}

% Physics-informed DMD
@article{pidmd,
title = {Physics-informed dynamic mode decomposition},
author = {Baddoo, Peter J. and Herrmann, Benjamin and McKeon, Beverley J. and Kutz, J. Nathan and Brunton, Steven L.},
journal = {Proceedings of the Royal Society A},
volume = {479},
number = {2271},
year = {2023},
pages = {20220576},
doi = {10.1098/rspa.2022.0576},
URL = {https://doi.org/10.1098/rspa.2022.0576},
eprint = {https://doi.org/10.1098/rspa.2022.0576},
note = {\href{https://doi.org/10.1098/rspa.2022.0576}{https://doi.org/10.1098/rspa.2022.0576}}
}

% Extended DMD
@article{edmd,
author = {Williams, M. O. and Kevrekidis, I. G. and Rowley, C. W.},
title = {A Data–Driven Approximation of the {K}oopman Operator: Extending Dynamic Mode Decomposition},
journal = {Journal of Nonlinear Science},
volume = {25},
pages = {1307-1346},
year = {2015},
doi = {10.1007/s00332-015-9258-5},
URL = {https://doi.org/10.1007/s00332-015-9258-5},
eprint = {https://doi.org/10.1007/s00332-015-9258-5},
note = {\href{https://doi.org/10.1007/s00332-015-9258-5}{https://doi.org/10.1007/s00332-015-9258-5}}
}

% Extended DMD with kernels
@article{edmd_kern,
title = {A kernel-based method for data-driven {K}oopman spectral analysis},
author = {Williams, Matthew O. and Rowley, Clarence W. and Kevrekidis, Ioannis G.},
journal = {Journal of Computational Dynamics},
volume = {2},
number = {2},
pages = {247-265},
year = {2015},
doi = {10.3934/jcd.2015005},
URL = {https://doi.org/10.3934/jcd.2015005},
eprint = {https://doi.org/10.3934/jcd.2015005},
note = {\href{https://doi.org/10.3934/jcd.2015005}{https://doi.org/10.3934/jcd.2015005}}
}

% Extended DMD reference
@article{edmd_2,
title = {On the numerical approximation of the {P}erron-{F}robenius and {K}oopman operator},
author = {Stefan Klus and P\'{e}ter Koltai and Christof Sch\"{u}tte},
journal = {Journal of Computational Dynamics},
volume = {3},
number = {1},
pages = {51-79},
year = {2016},
doi = {10.3934/jcd.2016003},
URL = {https://doi.org/10.3934/jcd.2016003},
eprint = {https://doi.org/10.3934/jcd.2016003},
note = {\href{https://doi.org/10.3934/jcd.2016003}{https://doi.org/10.3934/jcd.2016003}}
}

% HAVOK
@article{havok,
title = {Chaos as an intermittently forced linear system},
author = {Brunton, Steven L. and Brunton, Bingni W. and Proctor, Joshua L. and Kaiser, Eurika and Kutz, J. Nathan},
journal = {Nature Communications},
volume = {8},
number = {19},
pages = {1-9},
year = {2017},
doi = {10.1038/s41467-017-00030-8},
URL = {https://doi.org/10.1038/s41467-017-00030-8},
eprint = {https://doi.org/10.1038/s41467-017-00030-8},
note = {\href{https://doi.org/10.1038/s41467-017-00030-8}{https://doi.org/10.1038/s41467-017-00030-8}}
}

% sHAVOK
@article{shavok,
title = {Structured time-delay models for dynamical systems with connections to {F}renet–{S}erret frame},
author = {Hirsh, Seth M. and Ichinaga, Sara M. and Brunton, Steven L. and Kutz, J. Nathan and Brunton, Bingni W.},
journal = {Proceedings of the Royal Society A},
volume = {477},
number = {2254},
year = {2021},
pages = {20210097},
doi = {10.1098/rspa.2021.0097},
URL = {http://doi.org/10.1098/rspa.2021.0097},
eprint = {http://doi.org/10.1098/rspa.2021.0097},
note = {\href{http://doi.org/10.1098/rspa.2021.0097}{http://doi.org/10.1098/rspa.2021.0097}}
}

% LANDO
@article{lando,
title = {Kernel learning for robust dynamic mode decomposition: linear and nonlinear disambiguation optimization},
author = {Baddoo, Peter J. and Herrmann, Benjamin and McKeon, Beverley J. and Brunton, Steven L.},
journal = {Proceedings of the Royal Society A},
volume = {478},
number = {2260},
year = {2022},
pages = {20210830},
doi = {10.1098/rspa.2021.0830},
URL = {https://doi.org/10.1098/rspa.2021.0830},
eprint = {https://doi.org/10.1098/rspa.2021.0830},
note = {\href{https://doi.org/10.1098/rspa.2021.0830}{https://doi.org/10.1098/rspa.2021.0830}}
}

% DMD with Centering
@article{centering,
author = {Hirsh, Seth M. and Harris, Kameron Decker and Kutz, J. Nathan and Brunton, Bingni W.},
title = {Centering Data Improves the Dynamic Mode Decomposition},
journal = {SIAM Journal on Applied Dynamical Systems},
volume = {19},
number = {3},
pages = {1920-1955},
year = {2020},
doi = {10.1137/19M1289881},
URL = {https://doi.org/10.1137/19M1289881},
eprint = {https://doi.org/10.1137/19M1289881},
note = {\href{https://doi.org/10.1137/19M1289881}{https://doi.org/10.1137/19M1289881}}
}

% Takens
@InProceedings{takens,
author={Takens, Floris},
title={Detecting strange attractors in turbulence},
booktitle={Dynamical Systems and Turbulence, Warwick 1980, Lecture Notes in Mathematics},
volume={898},
year={1981},
publisher={Springer Berlin Heidelberg},
pages={366-381},
isbn={978-3-540-38945-3},
note={\href{https://doi.org/10.1007/BFb0091924}{https://doi.org/10.1007/BFb0091924}}
}

% Consistent DMD
@article{consistent_dmd,
author = {Azencot, Omri and Yin, Wotao and Bertozzi, Andrea},
title = {Consistent Dynamic Mode Decomposition},
journal = {SIAM Journal on Applied Dynamical Systems},
volume = {18},
number = {3},
pages = {1565-1585},
year = {2019},
doi = {10.1137/18M1233960},
URL = {https://doi.org/10.1137/18M1233960},
eprint = {https://doi.org/10.1137/18M1233960},
note = {\href{https://doi.org/10.1137/18M1233960}{https://doi.org/10.1137/18M1233960}}
}

% More ways to compute b
@article{computing_b,
title = {Variants of Dynamic Mode Decomposition: Boundary Condition, {K}oopman, and {F}ourier Analyses},
author = {Kevin K. Chen and Jonathan H. Tu and Clarence W. Rowley },
journal = {Journal of Nonlinear Science},
volume = {22},
pages = {887-915},
year = {2012},
doi = {10.1007/s00332-012-9130-9},
URL = {https://doi.org/10.1007/s00332-012-9130-9},
eprint = {https://doi.org/10.1007/s00332-012-9130-9},
note = {\href{https://doi.org/10.1007/s00332-012-9130-9}{https://doi.org/10.1007/s00332-012-9130-9}}
}

% Noise reference 0
@article{bagheri_2014,
author = {Bagheri, Shervin},
title = {Effects of weak noise on oscillating flows: Linking quality factor, {F}loquet modes, and {K}oopman spectrum},
journal = {Physics of Fluids},
volume = {26},
number = {9},
year = {2014},
pages = {094104},
doi = {10.1063/1.4895898},
note = {\href{https://doi.org/10.1063/1.4895898}{https://doi.org/10.1063/1.4895898}}
}

% Noise reference 1
@article{noise_1,
author = {Duke, Daniel and Soria, Julio and Honnery, Damon},
title = {An error analysis of the dynamic mode decomposition},
journal = {Experiments in Fluids},
volume = {52},
pages = {529-542},
year = {2012},
doi = {10.1007/s00348-011-1235-7},
note = {\href{https://doi.org/10.1007/s00348-011-1235-7}{https://doi.org/10.1007/s00348-011-1235-7}}
}

% Noise reference 2
@article{noise_2,
author = {Shervin Bagheri},
title = {{K}oopman-mode decomposition of the cylinder wake},
journal = {Journal of Fluid Mechanics},
volume = {726},
pages = {596-623},
year = {2013},
doi = {10.1017/jfm.2013.249},
note = {\href{https://doi.org/10.1017/jfm.2013.249}{https://doi.org/10.1017/jfm.2013.249}}
}

% Embeddology
@article{embedology,
author = {Sauer, T. and Yorke, J.A. and Casdagli, M.},
title = {Embedology},
journal = {Journal of Statistical Physics},
volume = {65},
pages = {579-616},
year = {1991},
doi = {10.1007/BF01053745},
note = {\href{https://doi.org/10.1007/BF01053745}{https://doi.org/10.1007/BF01053745}}
}

% DMD review
@article{schmid2022dynamic,
author = {Schmid, Peter J},
journal = {Annual Review of Fluid Mechanics},
pages = {225--254},
title = {Dynamic mode decomposition and its variants},
volume = {54},
year = {2022},
note = {\href{https://doi.org/10.1146/annurev-fluid-030121-015835}{https://doi.org/10.1146/annurev-fluid-030121-015835}}}

% Fluids application
@article{Noack2016jfm,
author = {Noack, Bernd R and Stankiewicz, Witold and Morzy\'{n}ski, Marek and Schmid, Peter J},
journal = {Journal of Fluid Mechanics},
pages = {843--872},
title = {Recursive dynamic mode decomposition of transient and post-transient wake flows},
volume = {809},
year = {2016},
note = {\href{https://doi.org/10.1017/jfm.2016.678}{https://doi.org/10.1017/jfm.2016.678}}
}

% Spectral POD
@article{Towne2018jfm,
author = {Towne, Aaron and Schmidt, Oliver T and Colonius, Tim},
journal = {Journal of Fluid Mechanics},
pages = {821--867},
title = {Spectral proper orthogonal decomposition and its relationship to dynamic mode decomposition and resolvent analysis},
volume = {847},
year = {2018},
note = {\href{https://doi.org/10.1017/jfm.2018.283}{https://doi.org/10.1017/jfm.2018.283}}
}

% Tensor DMD
@article{klus2018tensor,
author = {Klus, Stefan and Gel{\ss}, Patrick and Peitz, Sebastian and Sch{\"u}tte, Christof},
journal = {Nonlinearity},
number = {7},
pages = {3359},
title = {Tensor-based dynamic mode decomposition},
volume = {31},
year = {2018},
note = {\href{https://doi.org/10.1088/1361-6544/aabc8f}{https://doi.org/10.1088/1361-6544/aabc8f}}
}

% Extended DMD with control
@inproceedings{folkestad2020extended,
author = {Folkestad, Carl and Pastor, Daniel and Mezic, Igor and Mohr, Ryan and Fonoberova, Maria and Burdick, Joel},
booktitle = {2020 American Control Conference (ACC)},
organization = {IEEE},
pages = {3906--3913},
title = {Extended dynamic mode decomposition with learned {K}oopman eigenfunctions for prediction and control},
year = {2020},
note = {\href{https://doi.org/10.23919/ACC45564.2020.9147729}{https://doi.org/10.23919/ACC45564.2020.9147729}}
}

% Residual DMD
@article{colbrook2023residual,
author = {Colbrook, Matthew J and Ayton, Lorna J and Sz{\H{o}}ke, M{\'a}t{\'e}},
journal = {Journal of Fluid Mechanics},
pages = {A21},
title = {Residual dynamic mode decomposition: robust and verified {K}oopmanism},
volume = {955},
year = {2023},
note = {\href{https://doi.org/10.1017/jfm.2022.1052}{https://doi.org/10.1017/jfm.2022.1052}}
}

% mpEDMD
@article{colbrook2023mpedmd,
author = {Colbrook, Matthew J},
journal = {SIAM Journal on Numerical Analysis},
number = {3},
pages = {1585--1608},
title = {The mp{EDMD} algorithm for data-driven computations of measure-preserving dynamical systems},
volume = {61},
year = {2023},
note = {\href{https://doi.org/10.1137/22M1521407}{https://doi.org/10.1137/22M1521407}}
}

% Colbrook rigorous
@article{colbrook2024rigorous,
author = {Colbrook, Matthew J and Townsend, Alex},
journal = {Communications on Pure and Applied Mathematics},
number = {1},
pages = {221--283},
title = {Rigorous data-driven computation of spectral properties of {K}oopman operators for dynamical systems},
volume = {77},
year = {2024},
note = {\href{https://doi.org/10.1002/cpa.22125}{https://doi.org/10.1002/cpa.22125}}
}

@article{schuster1997bidirectional,
  title={Bidirectional recurrent neural networks},
  author={Schuster, Mike and Paliwal, Kuldip K},
  journal={IEEE transactions on Signal Processing},
  volume={45},
  number={11},
  pages={2673--2681},
  year={1997},
  publisher={Ieee}
}

@article{elman1990finding,
  title={Finding structure in time},
  author={Elman, Jeffrey L},
  journal={Cognitive science},
  volume={14},
  number={2},
  pages={179--211},
  year={1990},
  publisher={Wiley Online Library}
}

@article{hochreiter1997long,
  title={Long short-term memory},
  author={Hochreiter, Sepp and Schmidhuber, J{\"u}rgen},
  journal={Neural computation},
  volume={9},
  number={8},
  pages={1735--1780},
  year={1997},
  publisher={MIT press}
}

@article{beck2024xlstm,
  title={xlstm: Extended long short-term memory},
  author={Beck, Maximilian and P{\"o}ppel, Korbinian and Spanring, Markus and Auer, Andreas and Prudnikova, Oleksandra and Kopp, Michael and Klambauer, G{\"u}nter and Brandstetter, Johannes and Hochreiter, Sepp},
  journal={arXiv preprint arXiv:2405.04517},
  year={2024}
}